@article{agnarsson2008,
  title={Is {ACCTRAN} better than {DELTRAN}?},
  author={Agnarsson, Ingi and Miller, Jeremy A},
  journal={Cladistics},
  volume={24},
  number={6},
  pages={1032-1038},
  year={2008},
  publisher={Wiley Online Library},
}

@book{alonso1999,
  title={A world catalogue of families and genera of {C}urculionoidea ({I}nsecta: {C}oleoptera)},
  author={Alonso-Zarazaga, M. A. and Lyal, C. H. C.},
  year={1999},
  publisher={Entomopraxis},
  address={Barcelona, Spain},
}

@incollection{anderson2002,
  author={Anderson, R S},
  title={Curculionidae},
  editor={Arnett~Jr, R H and Thomas, M C and Skelley, P E and Frank, J H},
  booktitle={American Beetles, Volume 2, Polyphaga: Scarabaeoidea to Curculionoidea},
  publisher={CRC Press},
  address={Boca Raton, FL},
  year={2002},
  pages={722–815},
  chapter={131},
}

@book{arnett1993,
  title={The insect and spider collections of the world.},
  author={Arnett Jr, Ross H and Samuelson, G Allan and Nishida, Gordon M and others},
  edition={2},
  year={1993},
  publisher={Sandhill Crane Press, Inc.},
  address={Gainesville, Florida},
}

@article{bouchard2011,
  title={Family-group names in {C}oleoptera ({I}nsecta)},
  author={Bouchard, Patrice and Bousquet, Yves and Davies, Anthony E and Alonso-Zarazaga, Miguel A and Lawrence, John F and Lyal, Chris HC and Newton, Alfred F and Reid, Chris AM and Schmitt, Michael and {\'S}lipi{\'n}ski, S Adam and others},
  journal={ZooKeys},
  volume={88},
  pages={1-972},
  year={2011},
  publisher={Pensoft Publishers},
}

@article{bremer1994,
  title={Branch support and tree stability},
  author={Bremer, K A and others},
  journal={Cladistics},
  volume={10},
  number={3},
  pages={295-304},
  year={1994},
  publisher={Wiley Online Library},
}

@book{brown1956,
  title={Composition of scientific words},
  author={Brown, Roland Wilbur},
  year={1956},
  publisher={Smithsonian Institution Press},
  address={Washington, DC},
}

@article{elith2011,
  title={A statistical explanation of {MaxEnt} for ecologists},
  author={Elith, Jane and Phillips, Steven J and Hastie, Trevor and Dud{\'\i}k, Miroslav and Chee, Yung En and Yates, Colin J},
  journal={Diversity and distributions},
  volume={17},
  number={1},
  pages={43-57},
  year={2011},
  publisher={Wiley Online Library},
}

@article{farris1989,
  title={The retention index and the rescaled consistency index},
  author={Farris, James S},
  journal={Cladistics},
  volume={5},
  number={4},
  pages={417-419},
  year={1989},
  publisher={Wiley Online Library},
}

@article{franz2010a,
  title={Redescriptions of critical type species in the \textit{{E}ustylini} {L}acordaire ({C}oleoptera: {C}urculionidae: {E}ntiminae)},
  author={Franz, Nico M},
  journal={Journal of Natural History},
  volume={44},
  number={1-2},
  pages={41-80},
  year={2010},
  publisher={Taylor \& Francis},
}

@article{franz2010b,
  title={Revision and phylogeny of the {C}aribbean weevil genus \textit{{A}potomoderes} {D}ejean, 1834 ({C}oleoptera, {C}urculionidae, {E}ntiminae).},
  author={Franz, Nico M},
  journal={ZooKeys},
  volume={49},
  year={2010},
}

@article{franz2012,
  title={Phylogenetic reassessment of the \textit{{E}xophthalmus} genus complex ({C}urculionidae: {E}ntiminae: {E}ustylini, {G}eonemini)},
  author={Franz, Nico M},
  journal={Zoological Journal of the Linnean Society},
  volume={164},
  number={3},
  pages={510-557},
  year={2012},
  publisher={Oxford University Press},
}

@article{franz2014,
  title={Anatomy of a cladistic analysis},
  author={Franz, Nico M},
  journal={Cladistics},
  volume={30},
  number={3},
  pages={294-321},
  year={2014},
  publisher={Wiley Online Library},
}

@manual{goloboff1999,
  title={NONA - {V}ersion 2.0 (for {W}indows)},
  author={Goloboff, P A},
  year={1999},
  note={http://www.cladistics.com},
}

@article{goloboff2001,
  title={Methods for quick consensus estimation},
  author={Goloboff, Pablo A and Farris, James S},
  journal={Cladistics},
  volume={17},
  number={1},
  pages={S26-S34},
  year={2001},
  publisher={Wiley Online Library},
}

@article{goloboff2008,
  title={TNT, a free program for phylogenetic analysis},
  author={Goloboff, Pablo A and Farris, James S and Nixon, Kevin C},
  journal={Cladistics},
  volume={24},
  number={5},
  pages={774-786},
  year={2008},
  publisher={Wiley Online Library},
}

@manual{google2018,
	title={Google {E}arth {P}ro - {V}ersion 7.3.1.4507},
	year={2018},
	author={{Google~Inc.}},
	note={https://www.google.com/earth/},
}

@article{hijmans2005,
  title={Very high resolution interpolated climate surfaces for global land areas},
  author={Hijmans, Robert J and Cameron, Susan E and Parra, Juan L and Jones, Peter G and Jarvis, Andy},
  journal={International journal of climatology},
  volume={25},
  number={15},
  pages={1965-1978},
  year={2005},
  publisher={Wiley Online Library},
}

@book{hijmans2012,
  title={Global administrative areas (boundaries)},
  author={Hijmans, R J and Garcia, N and Kapoor, J and Rala, A and Maunahan, A and Wieczorek, J},
  journal={International journal of climatology},
  year={2012},
  publisher={Museum of Vertebrate Zoology and the International Rice Research Institute},
  note={http://www.gadm.org/},
  address={University of California, Berkeley, California},
}

@article{howden1959,
  title={A revision of the species of \textit{{P}andeleteius} {S}ch{\"o}nherr and \textit{{P}andeleteinus} {C}hampion of {A}merica north of {M}exico: ({C}oleoptera: {C}urculionidae)},
  author={Howden, Anne T},
  year={1959},
  journal={Proceedings of the California Academy of Sciences},
  volume={29},
  pages={361-421},
}

@article{howden1970,
  title={The {T}anymecini of the {W}est {I}ndies ({C}oleoptera: {C}urculionidae)},
  author={Howden, Anne T},
  year={1970},
  journal={Contributions of the American Entomological Institute},
  volume={5},
  numer={5},
  pages={1-73},
}

@article{howden1982,
  title={Revision of the {N}ew {W}orld genus \textit{{H}adromeropsis} {P}ierce ({C}oleoptera, {C}urculionidae, {T}anymecini)},
  author={Howden, Anne T},
  year={1982},
  journal={Contributions of the American Entomological Institute},
  volume={19},
  numer={6},
  pages={1-180},
}

@article{howden1995,
  title={Structures related to oviposition in {C}urculionoidea},
  author={Howden, Anne T},
  journal={Memoirs of the Entomological Society of Washington},
  volume={14},
  pages={53-100},
  year={1995},
}

@article{jansen2015,
	author={Michael Andrew Jansen and Nico M. Franz},
	title={Phylogenetic revision of \textit{Minyomerus} {H}orn, 1876 sec. {J}ansen and {F}ranz, 2015 ({C}oleoptera: {C}urculionidae) using taxonomic concept annotations and alignments},
	volume={528},
	number={},
	year={2015},
	doi={10.3897/zookeys.528.6001},
	pages={1-133},
	journal={ZooKeys},
}

@article{marvaldi1997,
  title={Higher level phylogeny of {C}urculionidae ({C}oleoptera: {C}urculionoidea) based mainly on larval characters, with special reference to broad-nosed weevils},
  author={Marvaldi, Adriana E},
  journal={Cladistics},
  volume={13},
  number={4},
  pages={285-312},
  year={1997},
  publisher={Wiley Online Library},
}

@incollection{marvaldi2014,
  title={Entiminae {S}choenherr, 1823},
  author={Marvaldi, A E and Lanteri, A A and del~Río, M G and Oberprieler, R G},
  pages={503–522},
  year={2014},
  editor={Leschen, R A B and Beutel, R G},
  booktitle={Handbook of Zoology: Arthropoda: Insecta: Coleoptera Volume 3: Morphology and Systematics (Phytophaga)},
  publisher={De Gruyter},
  address={Berling, Germany},
  chapter={3.7.5},
}

@article{morimoto2003,
  title={Morphologic characters of the weevil head and phylogenetic implications ({C}oleoptera, {C}urculionoidea)},
  author={Morimoto, Katsura and Kojima, Hiroaki},
  journal={Esakia},
  volume={43},
  pages={133-169},
  year={2003},
}

@book{munz1973,
  title={A {C}alifornian flora (with supplement)},
  author={Munz, P A and Keck, D D},
  year={1973},
  publisher={University of California Press},
  address={Berkeley, California},
}

@article{nixon1993,
  title={On outgroups},
  author={Nixon, Kevin C and Carpenter, James M},
  journal={Cladistics},
  volume={9},
  number={4},
  pages={413-426},
  year={1993},
  publisher={Wiley Online Library},
}

@manual{nixon2002,
  title={WinClada - {V}ersion 1.00. 08},
  author={Nixon, Kevin C and others},
  year={2002},
  note={http://www.diversityoflife.org/winclada/},
}

@article{oberprieler2007,
  title={Weevils, weevils, weevils everywhere},
  author={Oberprieler, Rolf G and Marvaldi, Adriana E and Anderson, Robert S},
  journal={Zootaxa},
  volume={1668},
  number={1},
  pages={491-520},
  year={2007},
}

@incollection{oberprieler2014,
  title={Curculionoidea {L}atreille, 1802: {I}ntroduction, {P}hylogeny},
  author={Oberprieler, Rolf G and Anderson, Robert S and Marvaldi, Adriana E},
  pages={285-300},
  year={2014},
  editor={Leschen, R A B and Beutel, R G},
  booktitle={Handbook of Zoology: Arthropoda: Insecta: Coleoptera Volume 3: Morphology and Systematics (Phytophaga)},
  publisher={De Gruyter},
  address={Berlin, Germany},
  chapter={3},
}

@book{obrien1982,
  title={Annotated checklist of the weevils ({C}urculionidae sensu lato) of North America, Central America, and the West Indies ({C}oleoptera: {C}urculionoidea)},
  author={O'Brien, Charles W and Wibmer, Guillermo J},
  year={1982},
  publisher={American Entomological Institute},
  address={Ann Arbor, Michigan},
}

@inproceedings{phillips2004,
  title={A maximum entropy approach to species distribution modeling},
  author={Phillips, Steven J and Dud{\'\i}k, Miroslav and Schapire, Robert E},
  booktitle={Proceedings of the 21st International Conference on Machine Learning},
  pages={83-90},
  year={2004},
  organization={ACM},
}

@article{phillips2006,
  title={Maximum entropy modeling of species geographic distributions},
  author={Phillips, Steven J and Anderson, Robert P and Schapire, Robert E},
  journal={Ecological modelling},
  volume={190},
  number={3-4},
  pages={231-259},
  year={2006},
  publisher={Elsevier},
}

@article{qgis2018,
	title={{Quantum GIS Geographic Information System}},
	year={2018},
	author={{Quantum GIS Development Team}},
	journal={Open Source Geospatial Foundation Project},
	note={http://qgis.osgeo.org},
}

@article{rieppel2007,
  title={The performance of morphological characters in broad-scale phylogenetic analyses},
  author={Rieppel, Olivier},
  journal={Biological Journal of the Linnean Society},
  volume={92},
  number={2},
  pages={297-308},
  year={2007},
  publisher={Wiley Online Library},
}

@manual{seinet2018,
	title={{Southwest Environmental Information Network}},
	year={2018},
	author={{SEINet}},
	note={http://swbiodiversity.org/seinet/index.php},
}

@article{thompson1992,
  title={Observations on the morphology and classification of weevils ({C}oleoptera, {C}urculionoidea) with a key to major groups},
  author={Thompson, Richard Thomas},
  journal={Journal of Natural History},
  volume={26},
  number={4},
  pages={835-891},
  year={1992},
  publisher={Taylor \& Francis},
}

@article{ting1936,
  title={The mouth parts of the coleopterous group {R}hynchophora},
  author={Ting, Peter C},
  year={1936},
  journal={Microentomology},
	volume={1},
	pages={93-114},
}

@book{torre1989,
  title={Torre-Bueno glossary of entomology},
  author={de la Torre-Bueno, Jos{\'e} Rollin and Nichols, Stephen W and Tulloch, George S and de la Torre-Bueno, José Rollin and others},
  year={1989},
  publisher={New York Entomological Society in cooperation with the American Museum of Natural History},
  address={New York City, New York},
}

@incollection{wheeler2000,
  title={The phylogenetic species concept (\textit{sensu} {W}heeler and {P}latnick)},
  author={Wheeler, Q D and Platnick, N I},
  pages={55-69},
  year={2000},
  editor={Wheeler, Q D and Meier, R},
  booktitle={Species Concepts and Phylogenetic Theory: a Debate},
  publisher={Columbia University Press},
  address={New York City, New York},
}

@article{wilson2010,
  title={Illuminating the lack of consensus among descriptions of earth history data in the North American deserts: a resource for biologists},
  author={Wilson, Joseph S and Pitts, James P},
  journal={Progress in Physical Geography},
  volume={34},
  number={4},
  pages={419-441},
  year={2010},
  publisher={SAGE Publications Sage UK: London, England},
}

@article{fea2016a,
	Author={Franz, Nico M. and Pier, Naomi M. and Reeder, Deeann M. and Chen, Mingmin and Yu, Shizhuo and Kianmajd, Parisa and Bowers, Shawn and Lud{\"a}scher, Bertram},
	Journal={Systematic Biology},
	Number={4},
	Pages={561-582},
	Title={Two influential primate classifications logically aligned},
	Volume={65},
	Year={2016a}
}

@article{fea2016b,
	Author = {Franz, Nico M and Chen, Mingmin and Kianmajd, Parisa and Yu, Shizhuo and Bowers, Shawn and Weakley, Alan S. and Lud{\"a}scher, Bertram},
	Journal = {Semantic Web (IOS)},
	Number = {6},
	Pages = {645-667},
	Title = {Names are not good enough: Reasoning over taxonomic change in the Andropogon complex},
	Volume = {7},
	Year = {2016b}
}

@article{fp2009,
	Author = {Franz, Nico M and Peet, Robert K},
	Journal = {Systematics and Biodiversity},
	Number = {1},
	Pages = {5-20},
	Title = {Towards a language for mapping relationships among taxonomic concepts},
	Volume = {7},
	Year = {2009}
}

@article{chen2014,
	Author = {Chen, Mingmin and Yu, Shizhuo and Franz, Nico and Bowers, Shawn and Lud{\"a}scher, Bertram},
	Journal = {arXiv},
	Number = {1992},
	Pages = {1-8},
	Title = {Euler/X: A toolkit for logic-based taxonomy integration},
	Volume = {1402},
	Year = {2014}
}

@article{fea2018,
	Author = {Franz, Nico M and Musher, Lukas J and Brown, Joseph W and Yu, Shizhuo and hen, Mingmin and Yu, Shizhuo and Lud{\"a}scher, Bertram},
	Journal = {bioRxiv},
	Pages = {1-52},
	Title = {Verbalizing phylogenomic conflict: Representation of node congruence across competing reconstructions of the neoavian explosion},
	Note = {https://doi.org/10.1101/233973},
	Year = {2018}
}


